% This file was created with JabRef 2.3.1.
% Encoding: ISO-8859-1

@misc{msBMP,
    author    = {Supervisors},
    title     = {Microsoft Windows Bitmap Format},
    year     = {2011},
    month	 = {September},
    note     = {see \texttt{CampusNet/Labs/bmp\_format.pdf}},
    url = {http://cn.dtu.dk}
}
